<record xmlns="http://www.loc.gov/MARC21/slim" xmlns:xsi="http://www.w3.org/2001/XMLSchema-instance" xsi:schemaLocation="http://www.loc.gov/MARC21/slim http://www.loc.gov/standards/marcxml/schema/MARC21slim.xsd">

  <leader>00772nam a22001817a 4500</leader>
  <controlfield tag="008">160422b2013    cr ||||| |||| 00| | spa d</controlfield>
  <datafield ind1=" " ind2=" " tag="090">
    <subfield code="a">06.02.01 </subfield>
    <subfield code="b">1512 </subfield>
  </datafield>
  <datafield tag="100" ind2=" " ind1="1">
    <subfield code="9">154</subfield>
    <subfield code="a"> Páez Cerdas, Wendy</subfield>
  </datafield>
  <datafield ind2=" " ind1=" " tag="245">
    <subfield code="a">Procesos de capacitación en diversas áreas del conocimiento, una oferta académica al sistema educativo costarricense, a través del Instituto de Desarrollo Profesional Udalislao Gámez Solano: cursos 2013 /</subfield>
    <subfield code="c">Wendy Páez, Sara Gamboa; Marianela Loría</subfield>
  </datafield>
  <datafield ind1=" " ind2=" " tag="260">
    <subfield code="a">[San José, Costa Rica] :</subfield>
    <subfield code="b">INIE,</subfield>
    <subfield code="c">2014</subfield>
  </datafield>
  <datafield tag="300" ind2=" " ind1=" ">
    <subfield code="a">64 hojas</subfield>
  </datafield>
  <datafield tag="500" ind1=" " ind2=" ">
    <subfield code="a">Informe final proyecto de Acción Social ED-2617</subfield>
  </datafield>
  <datafield ind2="4" ind1="1" tag="650">
    <subfield code="9">729</subfield>
    <subfield code="a">CAPACITACIÓN</subfield>
  </datafield>
  <datafield tag="650" ind1="1" ind2="4">
    <subfield code="9">331</subfield>
    <subfield code="a">DOCENTES</subfield>
  </datafield>
  <datafield ind2=" " ind1="1" tag="700">
    <subfield code="9">1399</subfield>
    <subfield code="a">Gamboa Umaña, Sara</subfield>
  </datafield>
  <datafield tag="700" ind2=" " ind1="1">
    <subfield code="9">165</subfield>
    <subfield code="a">Loría Valerio, Marianela</subfield>
  </datafield>
  <datafield ind2=" " ind1=" " tag="942">
    <subfield code="2">z</subfield>
    <subfield code="c">04</subfield>
  </datafield>
  <datafield ind2=" " ind1=" " tag="999">
    <subfield code="c">3151</subfield>
    <subfield code="d">3151</subfield>
  </datafield>
</record>